<?xml version="1.0" encoding="UTF-8"?><collection xmlns="http://www.loc.gov/MARC21/slim"><record><leader>00419nam--2200145-i-4500</leader><controlfield tag="001">000032288</controlfield><controlfield tag="002">20161230</controlfield><controlfield tag="005">20161230201039</controlfield><controlfield tag="008">060222s1000------------r-----000-0-eng-d</controlfield><datafield ind1=" " ind2=" " tag="080"><subfield code="a">512.831</subfield></datafield><datafield ind1=" " ind2=" " tag="100"><subfield code="a">Mikelsson, J. And Niederle, J</subfield></datafield><datafield ind1=" " ind2=" " tag="245"><subfield code="a">On integrability of discrete representations of lie algebra u (p,q)</subfield></datafield><datafield ind1=" " ind2=" " tag="260"><subfield code="a">Prague, Inst.Of Ph., 1973. 11p</subfield></datafield><datafield ind1=" " ind2=" " tag="852"><subfield code="a">37208</subfield><subfield code="c">512.831</subfield></datafield><datafield ind1=" " ind2=" " tag="CAT"><subfield code="a">Sys</subfield><subfield code="c">20080522</subfield><subfield code="h">123749</subfield></datafield></record></collection>